%https://da.overleaf.com/learn/latex/Bibliography_management_in_LaTeX

@online{DCFrontier,
  author = "Rich miller",
  title = "How Cloud Data-Crunching Power Accelerates the F1 Racing Experience",
  url  = "https://datacenterfrontier.com/how-cloud-data-crunching-power-accelerates-the-f1-racing-experience/",
  year = "2021"
}

@online{FastCompany,
  author = "Fastco Works",
  title = "Connected at 200 mph: How 5G is transforming auto racing and beyond",
  url = "https://www.fastcompany.com/90379283/connected-at-200-mph-how-5g-is-transforming-auto-racing-and-beyond",
  year = "2019"
  }

@online{MobilePDF,
  author = "Lars Staalhagen",
  title = "Mobile Networks for Data Communication",
  url = "https://learn.inside.dtu.dk/d2l/le/content/102624/viewContent/392011/View",
  year = "2022"
  }
